@article{GermannFast04,
  author =       {Ulrich Germann and Michael Jahr and Kevin Knight and
                  Daniel Marcu and Kenji Yamada},
  title =        {Fast and optimal decoding for machine translation},
  journal =      {Artificial Intelligence},
  volume =       154,
  number =       {1-2},
  year =         2004,
  pages =        {127--143},
  publisher =    {Elsevier Science Publishers Ltd.},
  address =      {Essex, UK},
}

@inproceedings{riedel06incremental,
  author =       {Sebastian Riedel and James Clarke},
  booktitle =    {EMNLP 2006},
  pages =        {129--137},
  title =        {Incremental Integer Linear Programming for
                  Non-projective Dependency Parsing},
  year =         2006
}

@article{dantzig54solution,
  author =       {George B. Dantzig and Ray Fulkerson and Selmer M. Johnson},
  journal =      {Operations Research},
  pages =        {393-410},
  title =        {Solution of a large-scale traveling salesman
                  problem},
  volume =       {2},
  year =         {1954}
}

@article{model4,
  author =       {Brown,, Peter F. and Pietra,, Vincent J. Della and
                  Pietra,, Stephen A. Della and Mercer,, Robert L.},
  title =        {The mathematics of statistical machine translation:
                  parameter estimation},
  journal =      {Computational Linguistics},
  volume =       {19},
  number =       {2},
  year =         {1993},
  pages =        {263--311},
  publisher =    {MIT Press},
  address =      {Cambridge, MA, USA},
}

@InProceedings{moses,
  author =       {Koehn, Philipp and Hoang, Hieu and Birch, Alexandra
                  and Callison-Burch, Chris and Federico, Marcello and
                  Bertoldi, Nicola and Cowan, Brooke and Shen, Wade
                  and Moran, Christine and Zens, Richard and Dyer,
                  Chris and Bojar, Ondrej and Constantin, Alexandra
                  and Herbst, Evan},
  title =        {Moses: Open Source Toolkit for Statistical Machine
                  Translation},
  booktitle =    {ACL 2009 Demos},
  month =        {June},
  year =         {2007},
  address =      {Prague, Czech Republic},
  pages =        {177--180},
}
