@InProceedings{CoNLL-2008-ST,
author = {Surdeanu, Mihai and Johansson, Richard and Meyers, Adam and M\`{a}rquez, Llu\'{i}s and Nivre, Joakim},
title = {The {CoNLL}-2008 Shared Task on Joint Parsing of Syntactic and Semantic Dependencies},
booktitle = {Proceedings of the 12th Conference on Computational Natural Language Learning ({CoNLL-2008})},
year = 2008
}