@InProceedings{CoNLL-2008-ST,
 author = {Surdeanu, Mihai and Johansson, Richard and Meyers, Adam and 
     M\`{a}rquez, Llu\'{i}s and Nivre, Joakim},
 title = {The {CoNLL}-2008 Shared Task on Joint Parsing of Syntactic and 
     Semantic Dependencies},
 booktitle = {Proceedings of the 12th Conference on Computational Natural 
     Language Learning ({CoNLL-2008})},
 year = 2008
}

@InProceedings{CoNLL-2009-ST,
    author = {Jan Haji\v{c} and Massimiliano Ciaramita and 
        Richard Johansson and Daisuke Kawahara and 
            Maria Ant\`{o}nia Mart\'{\i} and Llu\'{\i}s M\`{a}rquez and Adam
            Meyers and 
            Joakim Nivre and Sebastian Pad\'{o} and Jan \v{S}t\v{e}p\'{a}nek
            and Pavel Stra\v{n}\'{a}k and Miahi Surdeanu
            and Nianwen Xue and Yi Zhang},
    title = {The {CoNLL}-2009 Shared Task: Syntactic and Semantic Dependencies
        in Multiple Languages},
    booktitle = {Proceedings of {CoNLL-2009})},
    address = {Boulder, Colorado, USA},
    year = {2009}
}

@InProceedings{catalan-and-spanish-data,
    author = {Mariona Taul\'{e} and Maria Ant\`{o}nia Mart\'{\i} and Marta
        Recasens},
    title = {{AnCora: Multilevel Annotated Corpora for Catalan and Spanish}},
    booktitle = {Proceedings of {LREC-2008}},
    year = {2008},
    address = {Marrakesh, Morroco}
}

@article{chinese-data,
    author = {Martha Palmer and Nianwen Xue},
    title = {{Adding semantic roles to the Chinese Treebank}},
    journal = {{Natural Language Engineering}},
    volume = {15},
    number = {1},
    pages = {143--172},
    year = {2009}
}

@article{richardson06mln,
    title   = "Markov Logic Networks",
    author  = "Matt Richardson and Pedro Domingos",
    journal = "Machine Learning",
    volume  = {62},
    pages   = {107-136},
    year    = "2006"
}

@inproceedings{riedel08conll,
       author = {Sebastian Riedel and Ivan Meza},
       title = {Collective Semantic Role Labelling with Markov Logic},
       booktitle = {Proceedings of CoNLL-2008},
       year={2008}
}

@INPROCEEDINGS{meza09jointly,
      title = {Jointly Identifying Predicates, Arguments and Senses using Markov 
          Logic},
        author = {Ivan Meza-Ruiz and Sebastian Riedel},
          booktitle = {Proceedings of NAACL-HLT 2009},
            year = {2009},
              note = {To appear}
}



@article{marquez08srl,
        Author = {Llu{\'\i}s M{\'a}rquez and Xavier Carreras and Ken Litkowski and Suzanne Stevenson},
        Journal = {Computational Linguistics},
        Note = {Introduction to the Special Issue on Semantic Role Labeling},
        Number = {2},
        Title = {Semantic Role Labeling},
        Volume = {34},
        Year = {2008}
}

@misc{czech-data,
    author = { Jan Haji\v{c} and Jarmila Panevov\'{a} and 
        Eva Haji\v{c}ov\'{a} and Petr Sgall and Petr Pajas and
            Jan \v{S}t\v{e}p\'{a}nek and Ji\v{r}\'{\i} Havelka and 
            Marie Mikulov\'{a} and Zden\v{e}k \v{Z}abokrtsk\'{y}},
    title = {Prague Dependency Treebank 2.0},
    booktitle = {CD-ROM},
    number = {{Cat. No. LDC2006T01, ISBN 1-58563-370-4}},
    year = {2006}
}

@InProceedings{english-data,
    author = {Surdeanu, Mihai and Johansson, Richard and Meyers, Adam and 
        M\`{a}rquez, Llu\'{i}s and Nivre, Joakim},
    title = {The {CoNLL}-2008 Shared Task on Joint Parsing of Syntactic and 
        Semantic Dependencies},
    booktitle = {Proceedings of
        {CoNLL-2008}},
    year = {2008}
}

@InProceedings{german-data,
    author = {Aljoscha Burchardt and Katrin Erk and Anette Frank and 
        Andrea Kowalski and Sebastian Pad\'o and Manfred Pinkal},
    title =  {The {SALSA} corpus: a {G}erman corpus resource for lexical
        semantics},
    booktitle = {Proceedings of
        {LREC-2006}},
    year = {2006},
    address = {Genoa, Italy}
}

@InProceedings{japanese-data,
    author = {Daisuke Kawahara and Sadao Kurohashi and {K\^oiti} Hasida},
    title = {Construction of a {J}apanese Relevance-tagged Corpus}, booktitle = 
    {Proceedings of the {LREC-2002}},
    year = {2002}, 
    address = {Las Palmas, Canary Islands},
    pages = {2008--2013}
}

